<record><leader>00000cas a2200000 a 4500</leader><controlfield tag="001">47659192</controlfield><controlfield tag="008">010727d191u191umiuwr n       0    0eng c</controlfield><datafield ind1=" " ind2=" " tag="010"><subfield code="a">sn2001061737</subfield></datafield><datafield ind1=" " ind2=" " tag="040"><subfield code="a">MHN</subfield><subfield code="b">eng</subfield><subfield code="c">MHN</subfield><subfield code="d">OCLCQ</subfield><subfield code="d">OCLCF</subfield><subfield code="d">OCLCO</subfield></datafield><datafield ind1="1" ind2=" " tag="029"><subfield code="a">AU@</subfield><subfield code="b">000022868303</subfield></datafield><datafield ind1=" " ind2=" " tag="042"><subfield code="a">pcc</subfield></datafield><datafield ind1=" " ind2=" " tag="043"><subfield code="a">n-us-mi</subfield></datafield><datafield ind1="0" ind2="0" tag="245"><subfield code="a">Montmorency County herald.</subfield></datafield><datafield ind1=" " ind2=" " tag="260"><subfield code="a">Hillman, Mich. :</subfield><subfield code="b">Herald Pub. Co.</subfield></datafield><datafield ind1=" " ind2=" " tag="300"><subfield code="a">v.</subfield></datafield><datafield ind1=" " ind2=" " tag="310"><subfield code="a">Weekly</subfield></datafield><datafield ind1=" " ind2=" " tag="588"><subfield code="a">Description based on: Vol. 13, no. 19 (Jan 22, 1914).</subfield></datafield><datafield ind1=" " ind2="0" tag="651"><subfield code="a">Hillman (Mich.)</subfield><subfield code="v">Newspapers.</subfield></datafield><datafield ind1=" " ind2="0" tag="651"><subfield code="a">Montmorency County (Mich.)</subfield><subfield code="v">Newspapers.</subfield></datafield><datafield ind1=" " ind2="7" tag="655"><subfield code="a">Newspapers.</subfield><subfield code="2">fast</subfield><subfield code="0">(OCoLC)fst01423814</subfield></datafield><datafield ind1=" " ind2="7" tag="651"><subfield code="a">Michigan</subfield><subfield code="z">Hillman.</subfield><subfield code="2">fast</subfield><subfield code="0">(OCoLC)fst01258670</subfield></datafield><datafield ind1=" " ind2="7" tag="651"><subfield code="a">Michigan</subfield><subfield code="z">Montmorency County.</subfield><subfield code="2">fast</subfield><subfield code="0">(OCoLC)fst01214751</subfield></datafield><datafield ind1=" " ind2=" " tag="752"><subfield code="a">United States</subfield><subfield code="b">Michigan</subfield><subfield code="c">Montmorency</subfield><subfield code="d">Hillman.</subfield></datafield><datafield ind1="0" ind2=" " tag="775"><subfield code="t">Montmorency County herald &amp; tribune</subfield><subfield code="w">(DLC)sn2001061738</subfield><subfield code="w">(OCoLC)47659236</subfield></datafield><datafield ind1="0" ind2="0" tag="780"><subfield code="t">Hillman herald</subfield><subfield code="w">(DLC)sn2001061736</subfield><subfield code="w">(OCoLC)47658678</subfield></datafield></record>